[gd_scene load_steps=7 format=2]

[ext_resource path="res://foràt.gd" type="Script" id=1]
[ext_resource path="res://assets/background/foret/foret_backGRF.png" type="Texture" id=2]
[ext_resource path="res://assets/background/foret/foret_back_down.png" type="Texture" id=3]
[ext_resource path="res://out.tscn" type="PackedScene" id=4]
[ext_resource path="res://player.tscn" type="PackedScene" id=5]

[sub_resource type="RectangleShape2D" id=1]
extents = Vector2( 279, 10 )

[node name="forêt" type="Node2D"]
position = Vector2( -1, 0 )
script = ExtResource( 1 )

[node name="background" type="Node2D" parent="."]

[node name="ParallaxBackground" type="ParallaxBackground" parent="background"]
layer = -2
scroll_ignore_camera_zoom = true

[node name="ParallaxLayer" type="ParallaxLayer" parent="background/ParallaxBackground"]
motion_scale = Vector2( 0.7, 0.7 )
motion_offset = Vector2( -24, -22 )

[node name="fond" type="Sprite" parent="background/ParallaxBackground/ParallaxLayer"]
texture = ExtResource( 2 )
centered = false
__meta__ = {
"_edit_lock_": true
}

[node name="herbe_fond" type="Sprite" parent="background"]
position = Vector2( 1, 0 )
texture = ExtResource( 3 )
centered = false

[node name="interactions" type="Node2D" parent="."]

[node name="out1" parent="interactions" instance=ExtResource( 4 )]
position = Vector2( -32, 101 )
next_place = "res://village.tscn"

[node name="out2" parent="interactions" instance=ExtResource( 4 )]
position = Vector2( 512, 101 )
next_place = "res://LacR.tscn"

[node name="sol" type="StaticBody2D" parent="interactions"]
editor/display_folded = true
position = Vector2( 35, 155 )
collision_mask = 7

[node name="sol" type="CollisionShape2D" parent="interactions/sol"]
position = Vector2( 203, -28 )
shape = SubResource( 1 )

[node name="player" parent="." instance=ExtResource( 5 )]
editor/display_folded = true
visible = false

[node name="Camera2D" type="Camera2D" parent="player"]
visible = false
position = Vector2( 12.5399, 1.46378 )
current = true
limit_left = 0
limit_top = 0
limit_right = 479
limit_bottom = 144
drag_margin_left = 0.1
drag_margin_right = 0.1
editor_draw_drag_margin = true
__meta__ = {
"_edit_lock_": true
}

