[gd_scene load_steps=9 format=2]

[ext_resource path="res://player.tscn" type="PackedScene" id=1]
[ext_resource path="res://foretinteractions.tscn" type="PackedScene" id=2]
[ext_resource path="res://shader/lol/god_ray_shader.tres" type="Material" id=3]
[ext_resource path="res://GRF.gd" type="Script" id=4]
[ext_resource path="res://foràtVP2.tscn" type="PackedScene" id=5]
[ext_resource path="res://foràt.tscn" type="PackedScene" id=6]

[sub_resource type="ViewportTexture" id=1]
viewport_path = NodePath("GRF/refscene")

[sub_resource type="ViewportTexture" id=2]
viewport_path = NodePath("Scene/Viewport")

[node name="forêt" type="Node2D"]

[node name="player" parent="." instance=ExtResource( 1 )]
visible = false

[node name="interactions" parent="." instance=ExtResource( 2 )]
visible = false

[node name="GRF" type="Sprite" parent="."]
material = ExtResource( 3 )
texture = SubResource( 1 )
centered = false
script = ExtResource( 4 )

[node name="refscene" type="Viewport" parent="GRF"]
size = Vector2( 160, 144 )
render_target_v_flip = true

[node name="forêt" parent="GRF/refscene" instance=ExtResource( 5 )]

[node name="Scene" type="Sprite" parent="."]
texture = SubResource( 2 )
centered = false
flip_v = true

[node name="Viewport" type="Viewport" parent="Scene"]
size = Vector2( 160, 144 )
transparent_bg = true

[node name="forêt" parent="Scene/Viewport" instance=ExtResource( 6 )]
