[gd_scene load_steps=20 format=2]

[ext_resource path="res://title_screen.gd" type="Script" id=1]
[ext_resource path="res://assets/title_screen/back_titlescreen.png" type="Texture" id=2]
[ext_resource path="res://title.gd" type="Script" id=3]
[ext_resource path="res://assets/title_screen/title_0.png" type="Texture" id=4]
[ext_resource path="res://assets/title_screen/title_1.png" type="Texture" id=5]
[ext_resource path="res://son/sfx2.ogg" type="AudioStream" id=6]
[ext_resource path="res://Select.gd" type="Script" id=7]
[ext_resource path="res://assets/title_screen/play_0.png" type="Texture" id=8]
[ext_resource path="res://assets/title_screen/play_1.png" type="Texture" id=9]
[ext_resource path="res://assets/title_screen/play_2.png" type="Texture" id=10]
[ext_resource path="res://assets/title_screen/option_0.png" type="Texture" id=11]
[ext_resource path="res://assets/title_screen/option_1.png" type="Texture" id=12]
[ext_resource path="res://assets/title_screen/option_2.png" type="Texture" id=13]
[ext_resource path="res://son/sfx1.ogg" type="AudioStream" id=14]
[ext_resource path="res://assets/title_screen/flash.png" type="Texture" id=15]
[ext_resource path="res://flash.gd" type="Script" id=16]

[sub_resource type="SpriteFrames" id=1]
animations = [ {
"frames": [ ExtResource( 4 ), ExtResource( 5 ) ],
"loop": true,
"name": "moove",
"speed": 5.0
} ]

[sub_resource type="SpriteFrames" id=2]
animations = [ {
"frames": [ ExtResource( 8 ) ],
"loop": true,
"name": "stop",
"speed": 5.0
}, {
"frames": [ ExtResource( 9 ), ExtResource( 10 ) ],
"loop": true,
"name": "select",
"speed": 5.0
} ]

[sub_resource type="SpriteFrames" id=3]
animations = [ {
"frames": [ ExtResource( 11 ) ],
"loop": true,
"name": "stop",
"speed": 5.0
}, {
"frames": [ ExtResource( 12 ), ExtResource( 13 ) ],
"loop": true,
"name": "select",
"speed": 5.0
} ]

[node name="title_screen" type="Node2D"]
script = ExtResource( 1 )

[node name="Sprite" type="Sprite" parent="."]
texture = ExtResource( 2 )
centered = false

[node name="title" type="KinematicBody2D" parent="."]
position = Vector2( 206, 32 )
script = ExtResource( 3 )
__meta__ = {
"_edit_group_": true
}

[node name="title" type="AnimatedSprite" parent="title"]
frames = SubResource( 1 )
animation = "moove"

[node name="Tween" type="Tween" parent="title"]

[node name="impact" type="AudioStreamPlayer" parent="title"]
stream = ExtResource( 6 )

[node name="Select" type="StaticBody2D" parent="."]
position = Vector2( 109.638, 98.7605 )
script = ExtResource( 7 )
next_place = "res://chambre.tscn"

[node name="play" type="AnimatedSprite" parent="Select"]
visible = false
position = Vector2( -1.63805, -4.76054 )
frames = SubResource( 2 )
animation = "select"
frame = 1
centered = false

[node name="option" type="AnimatedSprite" parent="Select"]
visible = false
position = Vector2( -1.63805, 6.23946 )
frames = SubResource( 3 )
animation = "stop"
centered = false

[node name="selectsound" type="AudioStreamPlayer" parent="Select"]
stream = ExtResource( 14 )

[node name="flash" type="Sprite" parent="."]
visible = false
texture = ExtResource( 15 )
centered = false
script = ExtResource( 16 )

[node name="Timer" type="Timer" parent="flash"]
wait_time = 0.1
[connection signal="tween_completed" from="title/Tween" to="flash" method="_on_Tween_tween_completed"]
[connection signal="tween_completed" from="title/Tween" to="." method="_on_Tween_tween_completed"]
[connection signal="tween_started" from="title/Tween" to="." method="_on_Tween_tween_started"]
[connection signal="timeout" from="flash/Timer" to="flash" method="_on_Timer_timeout"]
